@inproceedings{kour2014real,
  title={Real-time segmentation of on-line handwritten arabic script},
  author={Kour, George and Saabne, Raid},
  booktitle={Frontiers in Handwriting Recognition (ICFHR), 2014 14th International Conference on},
  pages={417--422},
  year={2014},
  organization={IEEE}
}

@inproceedings{kour2014fast,
  title={Fast classification of handwritten on-line Arabic characters},
  author={Kour, George and Saabne, Raid},
  booktitle={Soft Computing and Pattern Recognition (SoCPaR), 2014 6th International Conference of},
  pages={312--318},
  year={2014},
  organization={IEEE}
}

@article{hadash2018estimate,
  title={Estimate and Replace: A Novel Approach to Integrating Deep Neural Networks with Existing Applications},
  author={Hadash, Guy and Kermany, Einat and Carmeli, Boaz and Lavi, Ofer and Kour, George and Jacovi, Alon},
  journal={arXiv preprint arXiv:1804.09028},
  year={2018}
}

@book{qc_book, 
  Author = {Michael A. Nielsen and Isaac L. Chuang}, 
  Title = {Quantum Computation and Quantum Information: 10th Anniversary Edition}, 
  Publisher = {Cambridge University Press}, 
  Year = {2011}, 
  ISBN = {9781107002173}, 
  URL = {https://www.amazon.com/Quantum-Computation-Information-10th-Anniversary/dp/1107002176?SubscriptionId=AKIAIOBINVZYXZQZ2U3A&tag=chimbori05-20&linkCode=xm2&camp=2025&creative=165953&creativeASIN=1107002176} 
}

% most related to High Energy Physics 
@article{qml_icepp,
	doi = {10.1007/s41781-020-00047-7},
	url = {https://doi.org/10.1007%2Fs41781-020-00047-7},
	year = 2021,
	month = {jan},
	publisher = {Springer Science and Business Media {LLC}},
	volume = {5},
	number = {1},
	author = {Koji Terashi and Michiru Kaneda and Tomoe Kishimoto and Masahiko Saito and Ryu Sawada and Junichi Tanaka},
	title = {Event Classification with Quantum Machine Learning in High-Energy Physics},
	journal = {Computing and Software for Big Science}
}

@article{qml_hep,
	doi = {10.1088/2632-2153/abc17d},
	url = {https://doi.org/10.1088%2F2632-2153%2Fabc17d},
	year = 2021,
	month = {mar},
	publisher = {{IOP} Publishing},
	volume = {2},
	number = {1},
	pages = {011003},
	author = {Wen Guan and Gabriel Perdue and Arthur Pesah and Maria Schuld and Koji Terashi and Sofia Vallecorsa and Jean-Roch Vlimant},
	title = {Quantum machine learning in high energy physics},
	journal = {Machine Learning: Science and Technology}
}

@misc{ qml_kernel,
  doi = {10.48550/ARXIV.2101.11020},
  url = {https://arxiv.org/abs/2101.11020},
  author = {Schuld, Maria},
  keywords = {Quantum Physics (quant-ph), Machine Learning (stat.ML), FOS: Physical sciences, FOS: Physical sciences, FOS: Computer and information sciences, FOS: Computer and information sciences},
  title = {Supervised quantum machine learning models are kernel methods},
  publisher = {arXiv},
  year = {2021}, 
  copyright = {Creative Commons Attribution 4.0 International}
}

@article{ qml_iqft,
	doi = {10.1016/j.physleta.2014.11.061},
	url = {https://doi.org/10.1016%2Fj.physleta.2014.11.061},
	year = 2015,
	month = {mar},
	publisher = {Elsevier {BV}
},
	volume = {379},
	number = {7},
	pages = {660--663},
	author = {Maria Schuld and Ilya Sinayskiy and Francesco Petruccione},
	title = {Simulating a perceptron on a quantum computer}, 
	journal = {Physics Letters A}
}

@article{qml_kernel2,
	doi = {10.1103/physrevlett.122.040504},
	url = {https://doi.org/10.1103%2Fphysrevlett.122.040504},
	year = 2019,
	month = {feb},
	publisher = {American Physical Society ({APS})},
	volume = {122},
	number = {4},
	author = {Maria Schuld and Nathan Killoran},
	title = {Quantum Machine Learning in Feature Hilbert Spaces},
	journal = {Physical Review Letters}
}



@article{qml_cnn,
	doi = {10.1038/s41567-019-0648-8},
	url = {https://doi.org/10.1038%2Fs41567-019-0648-8},
	year = 2019,
	month = {aug},
	publisher = {Springer Science and Business Media {LLC}},
	volume = {15},
	number = {12},
	pages = {1273--1278},
	author = {Iris Cong and Soonwon Choi and Mikhail D. Lukin},
	title = {Quantum convolutional neural networks},
	journal = {Nature Physics}
}

@article{qml_cnn1,
	doi = {10.1007/s42484-021-00061-x},
	url = {https://doi.org/10.1007%2Fs42484-021-00061-x},
	year = 2022,
	month = {feb},
	publisher = {Springer Science and Business Media {LLC}},
	volume = {4},
	number = {1},
	author = {Tak Hur and Leeseok Kim and Daniel K. Park},
	title = {Quantum convolutional neural network for classical data classification}, 
	journal = {Quantum Machine Intelligence}
}

@article{qml_cnn2,
	doi = {10.1038/s41534-018-0116-9},
	url = {https://doi.org/10.1038%2Fs41534-018-0116-9},
	year = 2018,
	month = {dec},
	publisher = {Springer Science and Business Media {LLC}
},
	volume = {4},
	number = {1},
	author = {Edward Grant and Marcello Benedetti and Shuxiang Cao and Andrew Hallam and Joshua Lockhart and Vid Stojevic and Andrew G. Green and Simone Severini},
	title = {Hierarchical quantum classifiers}, 
	journal = {npj Quantum Information}
}


@article{ qml_ibm,
	doi = {10.1038/s41586-019-0980-2},
	url = {https://doi.org/10.1038%2Fs41586-019-0980-2},
	year = 2019,
	month = {mar},
	publisher = {Springer Science and Business Media {LLC}},
	volume = {567},
	number = {7747},
	pages = {209--212},
	author = {Vojt{\v{e}}ch Havl{\'{\i}}{\v{c}}ek and Antonio D. C{\'{o}}rcoles and Kristan Temme and Aram W. Harrow and Abhinav Kandala and Jerry M. Chow and Jay M. Gambetta},
	title = {Supervised learning with quantum-enhanced feature spaces},
	journal = {Nature}
}

@article{ qml_ibm2,
	doi = {10.1038/s41567-021-01287-z},
	url = {https://doi.org/10.1038%2Fs41567-021-01287-z},
	year = 2021,
	month = {jul},
	publisher = {Springer Science and Business Media {LLC}},
	volume = {17},
	number = {9},
	pages = {1013--1017},
	author = {Yunchao Liu and Srinivasan Arunachalam and Kristan Temme},
	title = {A rigorous and robust quantum speed-up in supervised machine learning}, 
	journal = {Nature Physics}
}

@article{ieee_vqc,  
    author={Chen, Samuel Yen-Chi and Yang, Chao-Han Huck and Qi, Jun and Chen, Pin-Yu and Ma, Xiaoli and Goan, Hsi-Sheng},  
	journal={IEEE Access},   
	title={Variational Quantum Circuits for Deep Reinforcement Learning},   
	year={2020},  
	volume={8},  
	number={},  
	pages={141007-141024},  
	doi={10.1109/ACCESS.2020.3010470}
}

@article{aps_review,
  title = {Noisy intermediate-scale quantum algorithms},
  author = {Bharti, Kishor and Cervera-Lierta, Alba and Kyaw, Thi Ha and Haug, Tobias and Alperin-Lea, Sumner and Anand, Abhinav and Degroote, Matthias and Heimonen, Hermanni and Kottmann, Jakob S. and Menke, Tim and Mok, Wai-Keong and Sim, Sukin and Kwek, Leong-Chuan and Aspuru-Guzik, Al\'an},
  journal = {Rev. Mod. Phys.},
  volume = {94},
  issue = {1},
  pages = {015004},
  numpages = {69},
  year = {2022},
  month = {Feb},
  publisher = {American Physical Society},
  doi = {10.1103/RevModPhys.94.015004},
  url = {https://link.aps.org/doi/10.1103/RevModPhys.94.015004}
}

